% This file was created with JabRef 2.5.
% Encoding: Cp1252

@BOOK{bcnn:simulation,
  title = {{D}iscrete-{E}vent {S}ystem {S}imulation},
  publisher = {Prentice-Hall, Inc.},
  year = {2000},
  author = {Jerry Banks and John S. Carson and Barry L. Nelson and David M. Nicol},
  address = {Upper Saddle River, New Jersey},
  edition = {3rd}
}

@ARTICLE{bechhofer:multinomial,
  author = {R. E. Bechhofer and S. Elmaghraby and N. Morse},
  title = {A Single-Sample multiple-decision procedure for selecting the multinomial
	event which has the highest probability},
  journal = {Annals of Mathematical Statistics},
  year = {1959},
  volume = {30},
  pages = {102--119}
}

@ARTICLE{bechhofer:heteroscedastic,
  author = {R. E. Bechhofer and A. J. Hayter and A. C. Tamhane},
  title = {Designing experiments for selecting the largest normal mean when
	the variances are known and unequal: {O}ptimal sample size allocation},
  journal = {Journal of Statistical Planning and Inference},
  year = {1991},
  volume = {28},
  pages = {271--289}
}

@BOOK{bratley:simulation,
  title = {A Guide To Simulation},
  publisher = {Springer-Verlag},
  year = {1983},
  author = {P. Bratley and B. L. Fox and L. Schrage},
  address = {New York}
}

@INPROCEEDINGS{cheng:input94,
  author = {Russell C. H. Cheng},
  title = {Selecting Input Models},
  booktitle = {Proceedings of the 1994 Winter Simulation Conference},
  year = {1994},
  editor = {J. D. Tew and S. Manivannan and D. A. Sadowski and A. F. Seila},
  pages = {184--191},
  address = {Piscataway, New Jersey},
  organization = {Institute of Electrical and Electronics Engineers, Inc.}
}

@ARTICLE{cheng:queuehetero,
  author = {Russell C. H. Cheng and Jack P. C. Kleijnen},
  title = {Improved Design of Queueing Simulation Experiments with Highly Heteroscedastic
	Responses},
  journal = {Operations Research},
  year = {1999},
  volume = {47},
  pages = {762--777},
  number = {3}
}

@TECHREPORT{chi89,
  author = {C. Chien},
  title = {Small Sample Theory for Steady State Confidence Intervals},
  institution = {Department of Operations Research, Stanford University},
  year = {1989},
  number = {No. 37},
  address = {Stanford, California}
}

@INPROCEEDINGS{goldsman:selection94,
  author = {David Goldsman and Barry L. Nelson},
  title = {Ranking, Selection, and Multiple Comparisons in Computer Simulation},
  booktitle = {Proceedings of the Winter Simulation Conference},
  year = {1994},
  editor = {J. D. Tew and S. Manivannan and D. A. Sadowski and A. F. Seila},
  pages = {192--199},
  address = {Piscataway, New Jersey},
  organization = {Institute of Electrical and Electronics Engineers, Inc.}
}

@INCOLLECTION{guptamiescke:heteroscedatic,
  author = {S. S. Gupta and K. J. Miescke},
  title = {On the Problem of Finding the Largest Normal Mean under Heteroscedasticity},
  booktitle = {Statistical Decision Theory and Related Topics {IV}},
  publisher = {Springer Verlag},
  year = {1988},
  editor = {S. S. Gupta and J. O. Berger},
  volume = {2},
  address = {New York},
  page = {37--49}
}

@ARTICLE{gupta:mnormal,
  author = {S. S. Gupta and K. Nagel and S. Panchapakesan},
  title = {On the Order Statistics from Equally Correlated Normal Random Variables},
  journal = {Biometrika},
  year = {1973},
  volume = {60},
  pages = {403--413}
}

@BOOK{hammersley:montecarlo,
  title = {Monte Carlo Methods},
  publisher = {Methuen},
  year = {1964},
  author = {J. M. Hammersley and D. C. Handscomb},
  address = {London}
}

@ARTICLE{hartmann:sequential,
  author = {M. Hartmann},
  title = {An improvement on {P}aulson's procedure for selecting the population
	with the largest mean from k normal populations with a common unknown
	variance},
  journal = {Sequential Analysis},
  year = {1991},
  volume = {10},
  pages = {1--16}
}

@BOOK{hsu:selection,
  title = {Multiple Comparisons: Theory and Methods},
  publisher = {Chapman \& Hall},
  year = {1996},
  author = {J. C. Hsu},
  address = {New York}
}

@BOOK{law:simulationc,
  title = {Simulation Modeling \& Analysis},
  publisher = {McGraw-Hill, Inc},
  year = {2000},
  author = {Averill M. Law and W. David Kelton},
  address = {New York},
  edition = {3rd}
}

@INCOLLECTION{miescke:bayesdesigns99,
  author = {K. J. Miescke},
  title = {Bayes Sampling Designs for Selection Procedures},
  booktitle = {Multivariate, Design, and Sampling},
  publisher = {M. Dekker},
  year = {1999},
  editor = {S. Ghosh},
  address = {New York},
  page = {93--117}
}

@ARTICLE{rinott:twostage,
  author = {Y. Rinott},
  title = {On Two-Stage Selection Procedures and Related Probability-Inequalities},
  journal = {Communications in Statistics},
  year = {1978},
  volume = {A7},
  pages = {799--811}
}

@INCOLLECTION{sch79,
  author = {L. W. Schruben},
  title = {Designing Correlation Induction Strategies for Simulation Experiments},
  booktitle = {Current Issues in Computer Simulation},
  publisher = {Academic Press},
  year = {1979},
  editor = {N. R. Adam and A. Dogramaci},
  pages = {235--256},
  address = {New York}
}

@PHDTHESIS{ste99,
  author = {N. M. Steiger},
  title = {Improved Batching for Confidence Interval Construction in Steady-State
	Simulation},
  school = {Department of Industrial Engineering, North Carolina State University},
  year = {1999},
  type = {{Ph.D.} Thesis},
  address = {Raleigh, North Carolina},
  note = {Available via \url{http://www.lib.ncsu.edu/resolver/1840.16/4713}. Accessed Feb. 7, 2011}
}

@ARTICLE{tamhane:screening,
  author = {A. C. Tamhane and R. E. Bechhofer},
  title = {A two-stage minimax procedure with screening for selecting the largest
	normal mean (ii) an improved {PCS} lower bound and associated tables},
  journal = {Communications in Statistics},
  year = {1979},
  volume = {A8},
  pages = {337--358}
}

@MANUAL{chicago03,
  title = {The Chicago Manual of Style},
  author = {{The University of Chicago Press}},
  organization = {The University of Chicago Press},
  address = {Chicago},
  edition = {16th},
  note = {Available via \url{http://www.chicagomanualofstyle.org}. Accessed Jan. 14, 2016},
  year = {2010}
}

@MISC{WSC,
  author = {{WSC BoD}},
  title = {Winter Simulation Conference},
  howpublished = {\url{http://www.wintersim.org}},
  note = {Accessed Jan. 10, 2016},
	year = {2016},
	editors = {Board of Directors},
  owner = {Jan},
  timestamp = {2015.02.01}
}

@MISC{SCS,
  author = {{SCS}},
  title = {Society for Modeling \& Simulation International},
  howpublished = {\url{http://www.scs.org}},
	note = {Accessed Aug. 08, 2016},
  year = {2016},
  editors = {Board of Directors}
}

@misc{48,
  author = {{Immigratie-en Naturalisatiedienst}},
  title = {IND: Asylum seeker},
  howpublished = {\url{https://ind.nl/en/asylum/Pages/Asylum-seeker.aspx}},
  year = {2018},
  note = {Accessed: 2018-09-10}
}

@misc{64,
  author = {{Central Orgaan opvang Asielzoekers}},
  title = {Central Orgaan opvang Asielzoekers},
  howpublished = {\url{https://www.coa.nl/nl/opvanglocaties/typen-locaties}},
  year = {2016},
  note = {Accessed: 2018-09-10}
}

@misc{94,
  author={{VluchtelingenWerk}},
  title = { Dutch Council for Refugees - About Us},
  howpublished = {\url{https://www.vluchtelingenwerk.nl/artikel/dutch-council-refugees}},
  year = {2016},
  note = {Accessed: 2018-09-10}
}

@inproceedings{3,
  title={Modeling the health of refugee camps: An agent-based computational approach},
  author={Anderson, James and Chaturvedi, Alok and Lengacher, David and Cibulskis, Mike},
  booktitle={19th IEEE Symposium on Computer-Based Medical Systems (CBMS'06)},
  pages={641--645},
  year={2006},
  organization={IEEE}
}

@article{4,
  title={Simulation tools for developing policies for complex systems: Modeling the health and safety of refugee communities},
  author={Anderson, James and Chaturvedi, Alok and Cibulskis, Mike},
  journal={Health care management science},
  volume={10},
  number={4},
  pages={331--339},
  year={2007},
  publisher={Springer}
}

@article{9,
  title={The asylum-integration paradox: Comparing asylum support systems and refugee integration in Europe},
  author={Bakker, Linda and Cheung, Sin Yi and Phillimore, Jenny},
  journal={International Migration},
  volume={54},
  number={4},
  pages={118--132},
  year={2016},
  publisher={Wiley Online Library}
}

@article{13,
  title={Inventory modelling for complex emergencies in humanitarian relief operations},
  author={Beamon, Benita M and Kotleba, Stephen A},
  journal={International Journal of Logistics: Research and Applications},
  volume={9},
  number={1},
  pages={1--18},
  year={2006},
  publisher={Taylor \& Francis}
}

@inproceedings{22,
  title={Agent-based modeling and strategic group formation: a refugee case study},
  author={Collins, Andrew J and Frydenlund, Erika},
  booktitle={Proceedings of the 2016 Winter Simulation Conference},
  pages={1289--1300},
  year={2016},
  organization={IEEE Press}
}

@inproceedings{27,
  title={Disease modeling within refugee camps: A multi-agent systems approach},
  author={Crooks, Andrew and Hailegiorgis, Ates},
  booktitle={Proceedings of the 2013 Winter Simulation Conference: Simulation: Making Decisions in a Complex World},
  pages={1697--1706},
  year={2013},
  organization={IEEE Press}
}

@article{28,
  title={An agent-based modeling approach applied to the spread of cholera},
  author={Crooks, Andrew T and Hailegiorgis, Atesmachew B},
  journal={Environmental Modelling \& Software},
  volume={62},
  pages={164--177},
  year={2014},
  publisher={Elsevier}
}

@article{30,
  title={Multi-objective optimization of temporary housing for the 1994 Northridge earthquake},
  author={El-Anwar, Omar and El-Rayes, Khaled and Elnashai, Amr},
  journal={Journal of Earthquake Engineering},
  volume={12},
  number={S2},
  pages={81--91},
  year={2008},
  publisher={Taylor \& Francis}
}

@article{31,
  title={An automated system for optimizing post-disaster temporary housing allocation},
  author={El-Anwar, Omar and El-Rayes, Khaled and Elnashai, Amr},
  journal={Automation in Construction},
  volume={18},
  number={7},
  pages={983--993},
  year={2009},
  publisher={Elsevier}
}

@article{34,
  title={An optimization model for volunteer assignments in humanitarian organizations},
  author={Falasca, Mauro and Zobel, Christopher},
  journal={Socio-Economic Planning Sciences},
  volume={46},
  number={4},
  pages={250--260},
  year={2012},
  publisher={Elsevier}
}

@inproceedings{38,
  title={Agent-based modeling for humanitarian issues: disease and refugee camps},
  author={Hailegiorgis, Atesmachew and Crooks, Andrew T},
  booktitle={The Computational Social Science Society of America Conference, Santa Fe, NM},
  year={2012}
}

@article{42,
  title={Refugees and asylum seekers, the crisis in Europe and the future of policy},
  author={Hatton, Timothy J},
  journal={Economic Policy},
  volume={32},
  number={91},
  pages={447--496},
  year={2017},
  publisher={Oxford University Press}
}

@incollection{43,
  title={An ABM to Identify Migration Pathways of Refugees: The Case of Syria},
  author={H{\'e}bert, Guillaume Arnoux and Perez, Liliana and Harati, Saeed},
  booktitle={ABMs and Complexity Science in the Age of Geospatial Big Data},
  pages={45--58},
  year={2018},
  publisher={Springer}
}

@misc{47,
  title={The 1990 Dublin Convention: a comprehensive assessment},
  author={Hurwitz, Agnes},
  year={1999},
  publisher={Oxford University Press}
}

@article{67,
  title={Integrated vehicle routing problem with explicit consideration of social costs in humanitarian logistics},
  author={Perez, Noel and Holgu{\'\i}n-Veras, J and Mitchell, JE and Sharkey, TC},
  journal={Recuperado em},
  volume={14},
  year={2010}
}

@incollection{74,
  title={Universals in the content and structure of values: Theoretical advances and empirical tests in 20 countries},
  author={Schwartz, Shalom H},
  booktitle={Advances in experimental social psychology},
  volume={25},
  pages={1--65},
  year={1992},
  publisher={Elsevier}
}

@article{75,
  title={A theory of cultural value orientations: Explication and applications},
  author={Schwartz, Shalom H},
  journal={Comparative sociology},
  volume={5},
  number={2},
  pages={137--182},
  year={2006},
  publisher={Brill}
}

@article{76,
  title={An overview of the Schwartz theory of basic values},
  author={Schwartz, Shalom H},
  journal={Online readings in Psychology and Culture},
  volume={2},
  number={1},
  pages={11},
  year={2012}
}

@article{77,
  title={Toward a universal psychological structure of human values.},
  author={Schwartz, Shalom H and Bilsky, Wolfgang},
  journal={Journal of personality and social psychology},
  volume={53},
  number={3},
  pages={550},
  year={1987},
  publisher={American Psychological Association}
}

@article{78,
  title={Toward a theory of the universal content and structure of values: Extensions and cross-cultural replications.},
  author={Schwartz, Shalom H and Bilsky, Wolfgang},
  journal={Journal of personality and social psychology},
  volume={58},
  number={5},
  pages={878},
  year={1990},
  publisher={American Psychological Association}
}

@article{manzo2014data,
  title={Data, generative models, and mechanisms: More on the principles of analytical sociology},
  author={Manzo, Gianluca},
  journal={Analytical sociology},
  pages={1--52},
  year={2014},
  publisher={Wiley Online Library}
}

@article{gore2015statistical,
  title={Statistical debugging for simulations},
  author={Gore, Ross and Reynolds Jr, Paul F and Kamensky, David and Diallo, Saikou and Padilla, Jose},
  journal={ACM Transactions on Modeling and Computer Simulation (TOMACS)},
  volume={25},
  number={3},
  pages={16},
  year={2015},
  publisher={ACM}
}

@article{gore2017augmenting,
  title={Augmenting bottom-up metamodels with predicates},
  author={Gore, Ross J and Diallo, Saikou and Lynch, Christopher and Padilla, Jose},
  journal={Jasss: The Journal of Artificial Societies and Social Simulation},
  volume={20},
  number={1},
  year={2017}
}

@article{gore2017applying,
  title={Applying statistical debugging for enhanced trace validation of agent-based models},
  author={Gore, Ross J and Lynch, Christopher J and Kavak, Hamdi},
  journal={Simulation},
  volume={93},
  number={4},
  pages={273--284},
  year={2017},
  publisher={SAGE Publications Sage UK: London, England}
}

@article{rublee1991constraints,
  title={Constraints on the leisure and community participation of immigrant women: Implications for social integration},
  author={Rublee, Cindy B and Shaw, Susan M},
  journal={Loisir et soci{\'e}t{\'e}/Society and Leisure},
  volume={14},
  number={1},
  pages={133--150},
  year={1991},
  publisher={Taylor \& Francis}
}


@article{nawyn2010institutional,
  title={Institutional structures of opportunity in refugee resettlement: Gender, race/ethnicity, and refugee NGOs},
  author={Nawyn, Stephanie J},
  journal={J. Soc. \& Soc. Welfare},
  volume={37},
  pages={149},
  year={2010},
  publisher={HeinOnline}
}

@article{guest2009diffusion,
  title={The diffusion of development-through-sport: Analysing the history and practice of the Olympic Movement's grassroots outreach to Africa},
  author={Guest, Andrew M},
  journal={Sport in society},
  volume={12},
  number={10},
  pages={1336--1352},
  year={2009},
  publisher={Taylor \& Francis}
}

@article{cox1992causality,
  title={Causality: some statistical aspects},
  author={Cox, David R},
  journal={Journal of the Royal Statistical Society. Series A (Statistics in Society)},
  pages={291--301},
  year={1992},
  publisher={JSTOR}
}

@book{bunge2017causality,
  title={Causality and modern science},
  author={Bunge, Mario},
  year={2017},
  publisher={Routledge}
}

@article{diallo2016formal,
  title={Formal methods, statistical debugging and exploratory analysis in support of system development: Towards a verification and validation calculator tool},
  author={Diallo, Saikou Y and Gore, Ross and Lynch, Christopher J and Padilla, Jose J},
  journal={International Journal of Modeling, Simulation, and Scientific Computing},
  volume={7},
  number={01},
  pages={1641001},
  year={2016},
  publisher={World Scientific}
}

@article{schwartz2001extending,
  title={Extending the cross-cultural validity of the theory of basic human values with a different method of measurement},
  author={Schwartz, Shalom H and Melech, Gila and Lehmann, Arielle and Burgess, Steven and Harris, Mari and Owens, Vicki},
  journal={Journal of cross-cultural psychology},
  volume={32},
  number={5},
  pages={519--542},
  year={2001},
  publisher={Sage Publications Sage CA: Thousand Oaks, CA}
}

@article{26,
  title={Refugees, migrants, neither, both: categorical fetishism and the politics of bounding in Europe’s ‘migration crisis’},
  author={Crawley, Heaven and Skleparis, Dimitris},
  journal={Journal of Ethnic and Migration Studies},
  volume={44},
  number={1},
  pages={48--64},
  year={2018},
  publisher={Taylor \& Francis}
}

@misc{90,
  title={Statistical Yearbook 2009: Trends in Displacement, Protection and Solutions},
  author={Unhcr},
  year={2010},
  publisher={UNHCR Geneva}
}

@book{7,
  title={The consequences of chaos: Syria's humanitarian crisis and the failure to protect},
  author={Ferris, Elizabeth and Kirisci, Kemal},
  year={2018},
  publisher={Brookings Institution Press}
}

@article{saroglou2004values,
  title={Values and religiosity: A meta-analysis of studies using Schwartz’s model},
  author={Saroglou, Vassilis and Delpierre, Vanessa and Dernelle, Rebecca},
  journal={Personality and individual differences},
  volume={37},
  number={4},
  pages={721--734},
  year={2004},
  publisher={Elsevier}
}

@article{8,
  title={Why agents?: on the varied motivations for agent computing in the social sciences},
  author={Axtell, Robert},
  year={2000},
  publisher={Center on Social and Economic Dynamics Brookings Institution}
}

@article{marler2004survey,
  title={Survey of multi-objective optimization methods for engineering},
  author={Marler, R Timothy and Arora, Jasbir S},
  journal={Structural and multidisciplinary optimization},
  volume={26},
  number={6},
  pages={369--395},
  year={2004},
  publisher={Springer}
}

@book{33,
  title={Growing artificial societies: social science from the bottom up},
  author={Epstein, Joshua M and Axtell, Robert},
  year={1996},
  publisher={Brookings Institution Press}
}

@article{schultz1999values,
  title={Values as predictors of environmental attitudes: Evidence for consistency across 14 countries},
  author={Schultz, P Wesley and Zelezny, Lynnette},
  journal={Journal of environmental psychology},
  volume={19},
  number={3},
  pages={255--265},
  year={1999},
  publisher={Elsevier}
}

@article{37,
  title={Simulating refugee movements: Where would you go?},
  author={Groen, Derek},
  year={2016},
  publisher={Elsevier}
}

@article{68,
  title={Predisplacement and postdisplacement factors associated with mental health of refugees and internally displaced persons: a meta-analysis},
  author={Porter, Matthew and Haslam, Nick},
  journal={Jama},
  volume={294},
  number={5},
  pages={602--612},
  year={2005},
  publisher={American Medical Association}
}

@MastersThesis{phil.masters.thesis,
    author     =     {Phillip Wozny},
    title     =     {{A Value Sensitive Agent Based Simulation of the Refugee Crisis in the Netherlands}},
    school     =     {Universiteit Utrecht},
    address     =     {The Netherlands},
    year     =     {2018},
    }

@MastersThesis{66,
    author     =     {Sofia Papadaki},
    title     =     {{Refugees: The humanitarian logistics of a crisis situation}},
    school     =     {International Hellenic University},
    address     =     {Greece},
    year     =     {2017},
    }

